<?xml version="1.0" encoding="UTF-8"?><collection xmlns="http://www.loc.gov/MARC21/slim"><record><leader>00591nam--2200133-i-4500</leader><controlfield tag="001">000001005</controlfield><controlfield tag="002">20161230</controlfield><controlfield tag="005">20161230201024</controlfield><controlfield tag="008">060222s1000------------r-----000-0-eng-d</controlfield><datafield ind1=" " ind2=" " tag="080"><subfield code="a">546.262.3.31:54.027(043)</subfield></datafield><datafield ind1=" " ind2=" " tag="100"><subfield code="a">Henry De Villeneuve, Dominique</subfield></datafield><datafield ind1=" " ind2=" " tag="245"><subfield code="a">Interpretation a l aide du modele de dunham des transitions rovibrationnelles d v=1,2,3 de co mesurees par spectroscopie de bourier. determination des coefficients de dunham de sept. espaces isotopiques de la molecule dans l etat fondamental 1e+. these</subfield></datafield><datafield ind1=" " ind2=" " tag="260"><subfield code="a">Orsay, L Universite De Paris -sud, 1983. 242 P</subfield></datafield><datafield ind1=" " ind2=" " tag="852"><subfield code="a">71803</subfield></datafield></record></collection>